@article{Meinshausen2010,
  doi = {10.1111/j.1467-9868.2010.00740.x},
  url = {https://doi.org/10.1111/j.1467-9868.2010.00740.x},
  year  = {2010},
  month = {jul},
  publisher = {Wiley},
  volume = {72},
  number = {4},
  pages = {417--473},
  author = {Nicolai Meinshausen and Peter B\"{u}hlmann},
  title = {Stability selection},
  journal = {Journal of the Royal Statistical Society: Series B (Statistical Methodology)},
      eprint         = "0809.2932",
      archivePrefix  = "arXiv",
      primaryClass   = "stat"
}

@article{Kane:1972qa,
      author         = "Kane, D. F.",
      title          = "{Partial-wave analysis of k- p ---> pi+- sigma-+ between
                        1.73 and 2.11 gev}",
      journal        = "Phys. Rev.",
      volume         = "D5",
      year           = "1972",
      pages          = "1583-1602",
      doi            = "10.1103/PhysRevD.5.1583",
      SLACcitation   = "%%CITATION = PHRVA,D5,1583;%%"
}


@article{Edwards:2012fx,
      author         = "Edwards, Robert G. and Mathur, Nilmani and Richards,
                        David G. and Wallace, Stephen J.",
      title          = "{Flavor structure of the excited baryon spectra from
                        lattice QCD}",
      collaboration  = "Hadron Spectrum",
      journal        = "Phys. Rev.",
      volume         = "D87",
      year           = "2013",
      number         = "5",
      pages          = "054506",
      doi            = "10.1103/PhysRevD.87.054506",
      eprint         = "1212.5236",
      archivePrefix  = "arXiv",
      primaryClass   = "hep-ph",
      reportNumber   = "JLAB-THY-12-1680, TIFR-TH-12-50",
      SLACcitation   = "%%CITATION = ARXIV:1212.5236;%%"
}

@article{Engel:2013ig,
      author         = "Engel, Georg P. and Lang, C. B. and Mohler, Daniel and
                        Schäfer, Andreas",
      title          = "{QCD with Two Light Dynamical Chirally Improved Quarks:
                        Baryons}",
      collaboration  = "BGR",
      journal        = "Phys. Rev.",
      volume         = "D87",
      year           = "2013",
      number         = "7",
      pages          = "074504",
      doi            = "10.1103/PhysRevD.87.074504",
      eprint         = "1301.4318",
      archivePrefix  = "arXiv",
      primaryClass   = "hep-lat",
      reportNumber   = "FERMILAB-PUB-13-028-T",
      SLACcitation   = "%%CITATION = ARXIV:1301.4318;%%"
}

@article{Engel:2010my,
      author         = "Engel, Georg P. and Lang, C. B. and Limmer, Markus and
                        Mohler, Daniel and Schafer, Andreas",
      title          = "{Meson and baryon spectrum for QCD with two light
                        dynamical quarks}",
      collaboration  = "BGR [Bern-Graz-Regensburg]",
      journal        = "Phys. Rev.",
      volume         = "D82",
      year           = "2010",
      pages          = "034505",
      doi            = "10.1103/PhysRevD.82.034505",
      eprint         = "1005.1748",
      archivePrefix  = "arXiv",
      primaryClass   = "hep-lat",
      SLACcitation   = "%%CITATION = ARXIV:1005.1748;%%"
}

@article{Ferretti:2011zz,
      author         = "Ferretti, J. and Vassallo, A. and Santopinto, E.",
      title          = "{Relativistic quark-diquark model of baryons}",
      journal        = "Phys. Rev.",
      volume         = "C83",
      year           = "2011",
      pages          = "065204",
      doi            = "10.1103/PhysRevC.83.065204",
      SLACcitation   = "%%CITATION = PHRVA,C83,065204;%%"
}

@article{Capstick:1986bm,
      author         = "Capstick, Simon and Isgur, Nathan",
      title          = "{Baryons in a Relativized Quark Model with
                        Chromodynamics}",
      booktitle      = "{Proceedings, International Conference on Hadron
                        Spectroscopy: College Park, Maryland, April 20-22, 1985}",
      journal        = "Phys. Rev.",
      volume         = "D34",
      year           = "1986",
      pages          = "2809",
      doi            = "10.1103/PhysRevD.34.2809, 10.1063/1.35361",
      note           = "[AIP Conf. Proc.132,267(1985)]",
      reportNumber   = "UTPT-85-34",
      SLACcitation   = "%%CITATION = PHRVA,D34,2809;%%"
}

@article{Bijker:1994yr,
      author         = "Bijker, R. and Iachello, F. and Leviatan, A.",
      title          = "{Algebraic models of hadron structure. 1. Nonstrange
                        baryons}",
      journal        = "Annals Phys.",
      volume         = "236",
      year           = "1994",
      pages          = "69-116",
      doi            = "10.1006/aphy.1994.1108",
      eprint         = "nucl-th/9402012",
      archivePrefix  = "arXiv",
      primaryClass   = "nucl-th",
      reportNumber   = "UU-94-01",
      SLACcitation   = "%%CITATION = NUCL-TH/9402012;%%"
}

@article{Glozman:1995fu,
      author         = "Glozman, L. {\relax Ya}. and Riska, D. O.",
      title          = "{The Spectrum of the nucleons and the strange hyperons
                        and chiral dynamics}",
      journal        = "Phys. Rept.",
      volume         = "268",
      year           = "1996",
      pages          = "263-303",
      doi            = "10.1016/0370-1573(95)00062-3",
      eprint         = "hep-ph/9505422",
      archivePrefix  = "arXiv",
      primaryClass   = "hep-ph",
      reportNumber   = "DOE-ER-40561-187, INT-95-16-01",
      SLACcitation   = "%%CITATION = HEP-PH/9505422;%%"
}

@article{Ronniger:2011td,
      author         = "Ronniger, M. and Metsch, B. C.",
      title          = "{Effects of a spin-flavour dependent interaction on the
                        baryon mass spectrum}",
      journal        = "Eur. Phys. J.",
      volume         = "A47",
      year           = "2011",
      pages          = "162",
      doi            = "10.1140/epja/i2011-11162-8",
      eprint         = "1111.3835",
      archivePrefix  = "arXiv",
      primaryClass   = "hep-ph",
      SLACcitation   = "%%CITATION = ARXIV:1111.3835;%%"
}

@article{Chen:2017pse,
      author         = "Chen, Chen and El-Bennich, Bruno and Roberts, Craig D.
                        and Schmidt, Sebastian M. and Segovia, Jorge and Wan,
                        Shaolong",
      title          = "{Structure of the nucleon’s low-lying excitations}",
      journal        = "Phys. Rev.",
      volume         = "D97",
      year           = "2018",
      number         = "3",
      pages          = "034016",
      doi            = "10.1103/PhysRevD.97.034016",
      eprint         = "1711.03142",
      archivePrefix  = "arXiv",
      primaryClass   = "nucl-th",
      SLACcitation   = "%%CITATION = ARXIV:1711.03142;%%"
}

@article{Lu:2017cln,
      author         = "Lu, Ya and Chen, Chen and Roberts, Craig D. and Segovia,
                        Jorge and Xu, Shu-Sheng and Zong, Hong-Shi",
      title          = "{Parity partners in the baryon resonance spectrum}",
      journal        = "Phys. Rev.",
      volume         = "C96",
      year           = "2017",
      number         = "1",
      pages          = "015208",
      doi            = "10.1103/PhysRevC.96.015208",
      eprint         = "1705.03988",
      archivePrefix  = "arXiv",
      primaryClass   = "nucl-th",
      SLACcitation   = "%%CITATION = ARXIV:1705.03988;%%"
}

@article{Sadasivan:2018jig,
      author         = "Sadasivan, D. and Mai, M. and Döring, M.",
      title          = "{S- and p-wave structure of $S=-1$ meson-baryon
                        scattering in the resonance region}",
      year           = "2018",
      eprint         = "1805.04534",
      archivePrefix  = "arXiv",
      primaryClass   = "nucl-th",
      reportNumber   = "JLAB-THY-18-2699, JLAB-THY-18-2699",
      SLACcitation   = "%%CITATION = ARXIV:1805.04534;%%"
}

@article{Bruns:2010sv,
      author         = "Bruns, Peter C. and Mai, Maxim and Mei{\ss}ner, Ulf-G.",
      title          = "{Chiral dynamics of the S11(1535) and S11(1650)
                        resonances revisited}",
      journal        = "Phys. Lett.",
      volume         = "B697",
      year           = "2011",
      pages          = "254-259",
      doi            = "10.1016/j.physletb.2011.02.008",
      eprint         = "1012.2233",
      archivePrefix  = "arXiv",
      primaryClass   = "nucl-th",
      reportNumber   = "HISKP-TH-10-28, FZJ-IKP-TH-2010-25",
      SLACcitation   = "%%CITATION = ARXIV:1012.2233;%%"
}

@article{Doring:2007rz,
      author         = "Döring, M.",
      title          = "{Radiative decay of the Delta*(1700)}",
      journal        = "Nucl. Phys.",
      volume         = "A786",
      year           = "2007",
      pages          = "164-182",
      doi            = "10.1016/j.nuclphysa.2007.02.004",
      eprint         = "nucl-th/0701070",
      archivePrefix  = "arXiv",
      primaryClass   = "nucl-th",
      SLACcitation   = "%%CITATION = NUCL-TH/0701070;%%"
}


@article{Doring:2005bx,
      author         = "Döring, M. and Oset, E. and Strottman, D.",
      title          = "{Chiral dynamics in the gamma p ---> pi0 eta p and gamma
                        p ---> pi0 K0 Sigma+ reactions}",
      journal        = "Phys. Rev.",
      volume         = "C73",
      year           = "2006",
      pages          = "045209",
      doi            = "10.1103/PhysRevC.73.045209",
      eprint         = "nucl-th/0510015",
      archivePrefix  = "arXiv",
      primaryClass   = "nucl-th",
      reportNumber   = "IFIC-040-225",
      SLACcitation   = "%%CITATION = NUCL-TH/0510015;%%"
}


@article{Samart:2017scf,
      author         = "Samart, Daris and Liang, Wei-Hong and Oset, Eulogio",
      title          = "{Triangle mechanisms in the build up and decay of the
                        $N^*(1875)$}",
      journal        = "Phys. Rev.",
      volume         = "C96",
      year           = "2017",
      number         = "3",
      pages          = "035202",
      doi            = "10.1103/PhysRevC.96.035202",
      eprint         = "1703.09872",
      archivePrefix  = "arXiv",
      primaryClass   = "hep-ph",
      SLACcitation   = "%%CITATION = ARXIV:1703.09872;%%"
}

@article{MartinezTorres:2009cw,
      author         = "Martinez Torres, A. and Khemchandani, K. P. and Mei{\ss}ner,
                        Ulf-G. and Oset, E.",
      title          = "{Searching for signatures around 1920-MeV of a N* state
                        of three hadron nature}",
      journal        = "Eur. Phys. J.",
      volume         = "A41",
      year           = "2009",
      pages          = "361-368",
      doi            = "10.1140/epja/i2009-10834-2",
      eprint         = "0902.3633",
      archivePrefix  = "arXiv",
      primaryClass   = "nucl-th",
      reportNumber   = "HISKP-TH-09-6, FZJ-IKP-TH-2009-6",
      SLACcitation   = "%%CITATION = ARXIV:0902.3633;%%"
}

@article{Debastiani:2017dlz,
      author         = "Debastiani, V. R. and Sakai, S. and Oset, E.",
      title          = "{Role of a triangle singularity in the $\pi N(1535)$
                        contribution to $\gamma p \to p \pi^0 \eta$}",
      journal        = "Phys. Rev.",
      volume         = "C96",
      year           = "2017",
      number         = "2",
      pages          = "025201",
      doi            = "10.1103/PhysRevC.96.025201",
      eprint         = "1703.01254",
      archivePrefix  = "arXiv",
      primaryClass   = "hep-ph",
      SLACcitation   = "%%CITATION = ARXIV:1703.01254;%%"
}

@article{Eichmann:2016hgl,
      author         = "Eichmann, Gernot and Fischer, Christian S. and
                        Sanchis-Alepuz, Helios",
      title          = "{Light baryons and their excitations}",
      journal        = "Phys. Rev.",
      volume         = "D94",
      year           = "2016",
      number         = "9",
      pages          = "094033",
      doi            = "10.1103/PhysRevD.94.094033",
      eprint         = "1607.05748",
      archivePrefix  = "arXiv",
      primaryClass   = "hep-ph",
      SLACcitation   = "%%CITATION = ARXIV:1607.05748;%%"
}

@article{Eichmann:2016yit,
      author         = "Eichmann, Gernot and Sanchis-Alepuz, Helios and Williams,
                        Richard and Alkofer, Reinhard and Fischer, Christian S.",
      title          = "{Baryons as relativistic three-quark bound states}",
      journal        = "Prog. Part. Nucl. Phys.",
      volume         = "91",
      year           = "2016",
      pages          = "1-100",
      doi            = "10.1016/j.ppnp.2016.07.001",
      eprint         = "1606.09602",
      archivePrefix  = "arXiv",
      primaryClass   = "hep-ph",
      SLACcitation   = "%%CITATION = ARXIV:1606.09602;%%"
}

@article{Landay:2016cjw,
      author         = "Landay, J. and Döring, M. and Fernández-Ramírez, C.
                        and Hu, B. and Molina, R.",
      title          = "{Model Selection for Pion Photoproduction}",
      journal        = "Phys. Rev.",
      volume         = "C95",
      year           = "2017",
      number         = "1",
      pages          = "015203",
      doi            = "10.1103/PhysRevC.95.015203",
      eprint         = "1610.07547",
      archivePrefix  = "arXiv",
      primaryClass   = "nucl-th",
      reportNumber   = "JLAB-THY-16-2364",
      SLACcitation   = "%%CITATION = ARXIV:1610.07547;%%"
}

@article{Jackura:2017amb,
      author         = "Jackura, A. and others",
      title          = "{New analysis of $\eta\pi$ tensor resonances measured at
                        the COMPASS experiment}",
      collaboration  = "JPAC, COMPASS",
      journal        = "Phys. Lett.",
      volume         = "B779",
      year           = "2018",
      pages          = "464-472",
      doi            = "10.1016/j.physletb.2018.01.017",
      eprint         = "1707.02848",
      archivePrefix  = "arXiv",
      primaryClass   = "hep-ph",
      reportNumber   = "CERN-EP-2017-169, JLAB-THY-17-2468",
      SLACcitation   = "%%CITATION = ARXIV:1707.02848;%%"
}


@article{Wunderlich:2017dby,
      author         = "Wunderlich, Y. and Švarc, A. and Workman, R. L. and
                        Tiator, L. and Beck, R.",
      title          = "{Toward an understanding of discrete ambiguities in
                        truncated partial-wave analyses}",
      journal        = "Phys. Rev.",
      volume         = "C96",
      year           = "2017",
      number         = "6",
      pages          = "065202",
      doi            = "10.1103/PhysRevC.96.065202",
      eprint         = "1708.06840",
      archivePrefix  = "arXiv",
      primaryClass   = "nucl-th",
      SLACcitation   = "%%CITATION = ARXIV:1708.06840;%%"
}

@article{Nys:2015kqa,
      author         = "Nys, Jannes and Vrancx, Tom and Ryckebusch, Jan",
      title          = "{Amplitude extraction in pseudoscalar-meson
                        photoproduction: towards a situation of complete
                        information}",
      journal        = "J. Phys.",
      volume         = "G42",
      year           = "2015",
      number         = "3",
      pages          = "034016",
      doi            = "10.1088/0954-3899/42/3/034016",
      eprint         = "1502.01259",
      archivePrefix  = "arXiv",
      primaryClass   = "nucl-th",
      SLACcitation   = "%%CITATION = ARXIV:1502.01259;%%"
}

@article{Workman:2010xc,
      author         = "Workman, R. L.",
      title          = "{Single-energy amplitudes for pion photoproduction in the
                        first resonance region}",
      journal        = "Phys. Rev.",
      volume         = "C83",
      year           = "2011",
      pages          = "035201",
      doi            = "10.1103/PhysRevC.83.035201",
      eprint         = "1007.3041",
      archivePrefix  = "arXiv",
      primaryClass   = "nucl-th",
      SLACcitation   = "%%CITATION = ARXIV:1007.3041;%%"
}


@article{Wunderlich:2014xya,
      author         = "Wunderlich, Y. and Beck, R. and Tiator, L.",
      title          = "{The complete-experiment problem of photoproduction of
                        pseudoscalar mesons in a truncated partial-wave analysis}",
      journal        = "Phys. Rev.",
      volume         = "C89",
      year           = "2014",
      number         = "5",
      pages          = "055203",
      doi            = "10.1103/PhysRevC.89.055203",
      SLACcitation   = "%%CITATION = PHRVA,C89,055203;%%"
}


@article{Sandorfi:2010uv,
      author         = "Sandorfi, A. M. and Hoblit, S. and Kamano, H. and Lee, T.
                        -S. H.",
      title          = "{Determining pseudoscalar meson photo-production
                        amplitudes from complete experiments}",
      journal        = "J. Phys.",
      volume         = "G38",
      year           = "2011",
      pages          = "053001",
      doi            = "10.1088/0954-3899/38/5/053001",
      eprint         = "1010.4555",
      archivePrefix  = "arXiv",
      primaryClass   = "nucl-th",
      reportNumber   = "JLAB-THY-10-1268",
      SLACcitation   = "%%CITATION = ARXIV:1010.4555;%%"
}

@article{Anisovich:2015gia,
      author         = "Anisovich, A. V. and Burkert, V. and Hartmann, J. and
                        Klempt, E. and Nikonov, V. A. and Pasyuk, E. and
                        Sarantsev, A. V. and Strauch, S. and Thoma, U.",
      title          = "{Evidence for $\Delta(2200)7/2^-$ from photoproduction
                        and consequence for chiral-symmetry restoration at high
                        mass}",
      journal        = "Phys. Lett.",
      volume         = "B766",
      year           = "2017",
      pages          = "357-361",
      doi            = "10.1016/j.physletb.2016.12.014",
      eprint         = "1503.05774",
      archivePrefix  = "arXiv",
      primaryClass   = "nucl-ex",
      SLACcitation   = "%%CITATION = ARXIV:1503.05774;%%"
}

@article{Anisovich:2017ygb,
      author         = "Anisovich, A. V. and others",
      title          = "{$N^*$ resonances from $K\Lambda$ amplitudes in sliced
                        bins in energy}",
      journal        = "Eur. Phys. J.",
      volume         = "A53",
      year           = "2017",
      number         = "12",
      pages          = "242",
      doi            = "10.1140/epja/i2017-12443-x",
      eprint         = "1712.07537",
      archivePrefix  = "arXiv",
      primaryClass   = "nucl-ex",
      reportNumber   = "JLAB-PHY-17-2568",
      SLACcitation   = "%%CITATION = ARXIV:1712.07537;%%"
}


@article{Arndt:2003ga,
      author         = "Arndt, R. A. and Azimov, Yakov I. and Polyakov, M. V. and
                        Strakovsky, I. I. and Workman, R. L.",
      title          = "{Nonstrange and other unitarity partners of the exotic
                        Theta+ baryon}",
      journal        = "Phys. Rev.",
      volume         = "C69",
      year           = "2004",
      pages          = "035208",
      doi            = "10.1103/PhysRevC.69.035208",
      eprint         = "nucl-th/0312126",
      archivePrefix  = "arXiv",
      primaryClass   = "nucl-th",
      SLACcitation   = "%%CITATION = NUCL-TH/0312126;%%"
}

@article{Azimov:2003bb,
      author         = "Azimov, Yakov I. and Arndt, R. A. and Strakovsky, I. I.
                        and Workman, R. L.",
      title          = "{Light baryon resonances: Restrictions and perspectives}",
      journal        = "Phys. Rev.",
      volume         = "C68",
      year           = "2003",
      pages          = "045204",
      doi            = "10.1103/PhysRevC.68.045204",
      eprint         = "nucl-th/0307088",
      archivePrefix  = "arXiv",
      primaryClass   = "nucl-th",
      SLACcitation   = "%%CITATION = NUCL-TH/0307088;%%"
}

@article{Tibshirani2011,
  doi = {10.1111/j.1467-9868.2011.00771.x},
  url = {https://doi.org/10.1111/j.1467-9868.2011.00771.x},
  year  = {2011},
  month = {apr},
  publisher = {Wiley},
  volume = {73},
  number = {3},
  pages = {273--282},
  author = {Robert Tibshirani},
  title = {Regression shrinkage and selection via the lasso: a retrospective},
  journal = {Journal of the Royal Statistical Society: Series B (Statistical Methodology)}
}

@Book{hastie2009the,
 author = {Hastie, Trevor and Tibshirani, R. and Friedman, J.},
 title = {The elements of statistical learning : data mining, inference, and prediction},
 publisher = {Springer},
 year = {2009},
 address = {New York},
 isbn = {978-0-387-84858-7}
 }

@Book{james2013an,
 author = {James, Gareth and Witten, Daniela and Hastie, Trevor and Tibshirani, Robert},
 title = {An introduction to statistical learning : with applications in R},
 publisher = {Springer},
 year = {2013},
 address = {New York, NY},
 isbn = {978-1461471370}
 }

@article{Wilkinson1981,
  doi = {10.1080/00401706.1981.10487682},
  url = {https://doi.org/10.1080/00401706.1981.10487682},
  year  = {1981},
  month = {nov},
  publisher = {Informa {UK} Limited},
  volume = {23},
  number = {4},
  pages = {377--380},
  author = {Leland Wilkinson and Gerard E. Dallal},
  title = {Tests of Significance in Forward Selection Regression With {anF}-to-Enter Stopping Rule},
  journal = {Technometrics}
}

@article{Molina:2017iaa,
      author         = "Molina, David and De Sanctis, Maurizio and
                        Fernandez-Ramirez, Cesar",
      title          = "{Charmonium spectrum with a Dirac potential model in the
                        momentum space}",
      journal        = "Phys. Rev.",
      volume         = "D95",
      year           = "2017",
      number         = "9",
      pages          = "094021",
      doi            = "10.1103/PhysRevD.95.094021",
      eprint         = "1703.08097",
      archivePrefix  = "arXiv",
      primaryClass   = "hep-ph",
      SLACcitation   = "%%CITATION = ARXIV:1703.08097;%%"
}

@article{Pilloni:2016obd,
      author         = "Pilloni, A. and Fernandez-Ramirez, C. and Jackura, A. and
                        Mathieu, V. and Mikhasenko, M. and Nys, J. and
                        Szczepaniak, A. P.",
      title          = "{Amplitude analysis and the nature of the Z$_c$(3900)}",
      collaboration  = "JPAC",
      journal        = "Phys. Lett.",
      volume         = "B772",
      year           = "2017",
      pages          = "200-209",
      doi            = "10.1016/j.physletb.2017.06.030",
      eprint         = "1612.06490",
      archivePrefix  = "arXiv",
      primaryClass   = "hep-ph",
      reportNumber   = "JLAB-THY-16-2410",
      SLACcitation   = "%%CITATION = ARXIV:1612.06490;%%"
}

@article{Agadjanov:2016mao,
      author         = "Agadjanov, Dimitri and Doring, Michael and Mai, Maxim and
                        Meißner, Ulf-G. and Rusetsky, Akaki",
      title          = "{The Optical Potential on the Lattice}",
      journal        = "JHEP",
      volume         = "06",
      year           = "2016",
      pages          = "043",
      doi            = "10.1007/JHEP06(2016)043",
      eprint         = "1603.07205",
      archivePrefix  = "arXiv",
      primaryClass   = "hep-lat",
      SLACcitation   = "%%CITATION = ARXIV:1603.07205;%%"
}

@article{Mai:2018djl,
      author         = "Mai, Maxim and Döring, Michael",
      title          = "{Finite-volume spectrum of $\pi^+\pi^+$ and
                        $\pi^+\pi^+\pi^+$ systems}",
      year           = "2018",
      eprint         = "1807.04746",
      archivePrefix  = "arXiv",
      primaryClass   = "hep-lat",
      SLACcitation   = "%%CITATION = ARXIV:1807.04746;%%"
}

@article{Doring:2018xxx,
      author         = "Döring, M. and Hammer, H. W. and Mai, M. and Pang, J.-Y.
                        and Rusetsky, A. and Wu, J.",
      title          = "{Three-body spectrum in a finite volume: the role of
                        cubic symmetry}",
      journal        = "Phys. Rev.",
      volume         = "D97",
      year           = "2018",
      number         = "11",
      pages          = "114508",
      doi            = "10.1103/PhysRevD.97.114508",
      eprint         = "1802.03362",
      archivePrefix  = "arXiv",
      primaryClass   = "hep-lat",
      reportNumber   = "JLAB-THY-18-2646",
      SLACcitation   = "%%CITATION = ARXIV:1802.03362;%%"
}


@article{Mai:2017bge,
      author         = "Mai, M. and Döring, M.",
      title          = "{Three-body Unitarity in the Finite Volume}",
      journal        = "Eur. Phys. J.",
      volume         = "A53",
      year           = "2017",
      number         = "12",
      pages          = "240",
      doi            = "10.1140/epja/i2017-12440-1",
      eprint         = "1709.08222",
      archivePrefix  = "arXiv",
      primaryClass   = "hep-lat",
      reportNumber   = "JLAB-THY-17-2554",
      SLACcitation   = "%%CITATION = ARXIV:1709.08222;%%"
}


@article{Mai:2017vot,
      author         = "Mai, M. and Hu, B. and Doring, M. and Pilloni, A. and
                        Szczepaniak, A.",
      title          = "{Three-body Unitarity with Isobars Revisited}",
      journal        = "Eur. Phys. J.",
      volume         = "A53",
      year           = "2017",
      number         = "9",
      pages          = "177",
      doi            = "10.1140/epja/i2017-12368-4",
      eprint         = "1706.06118",
      archivePrefix  = "arXiv",
      primaryClass   = "nucl-th",
      reportNumber   = "JLAB-THY-17-2496",
      SLACcitation   = "%%CITATION = ARXIV:1706.06118;%%"
}


@article{Hammer:2017kms,
      author         = "Hammer, H. -W. and Pang, J. -Y. and Rusetsky, A.",
      title          = "{Three particle quantization condition in a finite
                        volume: 2. general formalism and the analysis of data}",
      journal        = "JHEP",
      volume         = "10",
      year           = "2017",
      pages          = "115",
      doi            = "10.1007/JHEP10(2017)115",
      eprint         = "1707.02176",
      archivePrefix  = "arXiv",
      primaryClass   = "hep-lat",
      SLACcitation   = "%%CITATION = ARXIV:1707.02176;%%"
}


@article{Hammer:2017uqm,
      author         = "Hammer, Hans-Werner and Pang, Jin-Yi and Rusetsky, A.",
      title          = "{Three-particle quantization condition in a finite
                        volume: 1. The role of the three-particle force}",
      journal        = "JHEP",
      volume         = "09",
      year           = "2017",
      pages          = "109",
      doi            = "10.1007/JHEP09(2017)109",
      eprint         = "1706.07700",
      archivePrefix  = "arXiv",
      primaryClass   = "hep-lat",
      SLACcitation   = "%%CITATION = ARXIV:1706.07700;%%"
}

@article{Briceno:2017tce,
      author         = "Briceño, Raúl A. and Hansen, Maxwell T. and Sharpe,
                        Stephen R.",
      title          = "{Relating the finite-volume spectrum and the
                        two-and-three-particle $S$ matrix for relativistic systems
                        of identical scalar particles}",
      journal        = "Phys. Rev.",
      volume         = "D95",
      year           = "2017",
      number         = "7",
      pages          = "074510",
      doi            = "10.1103/PhysRevD.95.074510",
      eprint         = "1701.07465",
      archivePrefix  = "arXiv",
      primaryClass   = "hep-lat",
      reportNumber   = "JLAB-THY-17-2400",
      SLACcitation   = "%%CITATION = ARXIV:1701.07465;%%"
}

@article{Guo:2016zep,
      author         = "Guo, Zhi-Hui and Liu, Liuming and Meißner, Ulf-G. and
                        Oller, J. A. and Rusetsky, A.",
      title          = "{Chiral study of the $a_0(980)$ resonance and $\pi\eta$
                        scattering phase shifts in light of a recent lattice
                        simulation}",
      journal        = "Phys. Rev.",
      volume         = "D95",
      year           = "2017",
      number         = "5",
      pages          = "054004",
      doi            = "10.1103/PhysRevD.95.054004",
      eprint         = "1609.08096",
      archivePrefix  = "arXiv",
      primaryClass   = "hep-ph",
      SLACcitation   = "%%CITATION = ARXIV:1609.08096;%%"
}


@article{Briceno:2016mjc,
      author         = "Briceno, Raul A. and Dudek, Jozef J. and Edwards, Robert
                        G. and Wilson, David J.",
      title          = "{Isoscalar $\pi\pi$ scattering and the $\sigma$ meson
                        resonance from QCD}",
      journal        = "Phys. Rev. Lett.",
      volume         = "118",
      year           = "2017",
      number         = "2",
      pages          = "022002",
      doi            = "10.1103/PhysRevLett.118.022002",
      eprint         = "1607.05900",
      archivePrefix  = "arXiv",
      primaryClass   = "hep-ph",
      reportNumber   = "JLAB-THY-16-2287, DAMTP-2016-47",
      SLACcitation   = "%%CITATION = ARXIV:1607.05900;%%"
}

@article{Doring:2011vk,
      author         = "Döring, M. and Meißner, Ulf-G. and Oset, E. and
                        Rusetsky, A.",
      title          = "{Unitarized Chiral Perturbation Theory in a finite
                        volume: Scalar meson sector}",
      journal        = "Eur. Phys. J.",
      volume         = "A47",
      year           = "2011",
      pages          = "139",
      doi            = "10.1140/epja/i2011-11139-7",
      eprint         = "1107.3988",
      archivePrefix  = "arXiv",
      primaryClass   = "hep-lat",
      SLACcitation   = "%%CITATION = ARXIV:1107.3988;%%"
}

@article{Doring:2011ip,
      author         = "Döring, M. and Haidenbauer, J. and Mei{\ss}ner, Ulf-G. and
                        Rusetsky, A.",
      title          = "{Dynamical coupled-channel approaches on a momentum
                        lattice}",
      journal        = "Eur. Phys. J.",
      volume         = "A47",
      year           = "2011",
      pages          = "163",
      doi            = "10.1140/epja/i2011-11163-7",
      eprint         = "1108.0676",
      archivePrefix  = "arXiv",
      primaryClass   = "hep-lat",
      SLACcitation   = "%%CITATION = ARXIV:1108.0676;%%"
}

@article{Doring:2011nd,
      author         = "Döring, M. and Meißner, Ulf G.",
      title          = "{Finite volume effects in pion-kaon scattering and
                        reconstruction of the $\kappa$(800) resonance}",
      journal        = "JHEP",
      volume         = "01",
      year           = "2012",
      pages          = "009",
      doi            = "10.1007/JHEP01(2012)009",
      eprint         = "1111.0616",
      archivePrefix  = "arXiv",
      primaryClass   = "hep-lat",
      SLACcitation   = "%%CITATION = ARXIV:1111.0616;%%"
}

@article{Doring:2013glu,
      author         = "Döring, Michael and Mai, Maxim and Meißner, Ulf-G.",
      title          = "{Finite volume effects and quark mass dependence of the
                        N(1535) and N(1650)}",
      journal        = "Phys. Lett.",
      volume         = "B722",
      year           = "2013",
      pages          = "185-192",
      doi            = "10.1016/j.physletb.2013.04.016",
      eprint         = "1302.4065",
      archivePrefix  = "arXiv",
      primaryClass   = "hep-lat",
      SLACcitation   = "%%CITATION = ARXIV:1302.4065;%%"
}

@article{Doring:2009bi,
      author         = "Döring, M. and Hanhart, C. and Huang, F. and Krewald, S.
                        and Mei{\ss}ner, U.-G.",
      title          = "{The Role of the background in the extraction of
                        resonance contributions from meson-baryon scattering}",
      journal        = "Phys. Lett.",
      volume         = "B681",
      year           = "2009",
      pages          = "26-31",
      doi            = "10.1016/j.physletb.2009.09.052",
      eprint         = "0903.1781",
      archivePrefix  = "arXiv",
      primaryClass   = "nucl-th",
      reportNumber   = "FZJ-IKP-TH-2009-8, HISKP-TH-09-08",
      SLACcitation   = "%%CITATION = ARXIV:0903.1781;%%"
}

@article{Ronchen:2015vfa,
      author         = "Rönchen, D. and Döring, M. and Haberzettl, H. and
                        Haidenbauer, J. and Meißner, U.-G. and Nakayama, K.",
      title          = "{Eta photoproduction in a combined analysis of pion- and
                        photon-induced reactions}",
      journal        = "Eur. Phys. J.",
      volume         = "A51",
      year           = "2015",
      number         = "6",
      pages          = "70",
      doi            = "10.1140/epja/i2015-15070-7",
      eprint         = "1504.01643",
      archivePrefix  = "arXiv",
      primaryClass   = "nucl-th",
      SLACcitation   = "%%CITATION = ARXIV:1504.01643;%%"
}

@article{Ronchen:2014cna,
      author         = "Rönchen, D. and Döring, M. and Huang, F. and
                        Haberzettl, H. and Haidenbauer, J. and Hanhart, C. and
                        Krewald, S. and Meißner, U.-G. and Nakayama, K.",
      title          = "{Photocouplings at the Pole from Pion Photoproduction}",
      journal        = "Eur. Phys. J.",
      volume         = "A50",
      year           = "2014",
      number         = "6",
      pages          = "101",
      doi            = "10.1140/epja/i2014-14101-3, 10.1140/epja/i2015-15063-6",
      note           = "[Erratum: Eur. Phys. J.A51,no.5,63(2015)]",
      eprint         = "1401.0634",
      archivePrefix  = "arXiv",
      primaryClass   = "nucl-th",
      SLACcitation   = "%%CITATION = ARXIV:1401.0634;%%"
}

@article{Ronchen:2012eg,
      author         = "Rönchen, D. and Döring, M. and Huang, F. and Haberzettl,
                        H. and Haidenbauer, J. and Hanhart, C. and Krewald, S. and
                        Meißner, U.-G. and Nakayama, K.",
      title          = "{Coupled-channel dynamics in the reactions piN --> piN,
                        etaN, KLambda, KSigma}",
      journal        = "Eur. Phys. J.",
      volume         = "A49",
      year           = "2013",
      pages          = "44",
      doi            = "10.1140/epja/i2013-13044-5",
      eprint         = "1211.6998",
      archivePrefix  = "arXiv",
      primaryClass   = "nucl-th",
      SLACcitation   = "%%CITATION = ARXIV:1211.6998;%%"
}

@article{Huang:2011as,
      author         = "Huang, F. and Doring, M. and Haberzettl, H. and
                        Haidenbauer, J. and Hanhart, C. and Krewald, S. and
                        Meissner, Ulf G. and Nakayama, K.",
      title          = "{Pion photoproduction in a dynamical coupled-channels
                        model}",
      journal        = "Phys. Rev.",
      volume         = "C85",
      year           = "2012",
      pages          = "054003",
      doi            = "10.1103/PhysRevC.85.054003",
      eprint         = "1110.3833",
      archivePrefix  = "arXiv",
      primaryClass   = "nucl-th",
      SLACcitation   = "%%CITATION = ARXIV:1110.3833;%%"
}

@article{Doring:2010ap,
      author         = "Döring, M. and Hanhart, C. and Huang, F. and Krewald, S.
                        and Meißner, U.-G. and Rönchen, D.",
      title          = "{The reaction pi+ p --> K+ Sigma+ in a unitary
                        coupled-channels model}",
      journal        = "Nucl. Phys.",
      volume         = "A851",
      year           = "2011",
      pages          = "58-98",
      doi            = "10.1016/j.nuclphysa.2010.12.010",
      eprint         = "1009.3781",
      archivePrefix  = "arXiv",
      primaryClass   = "nucl-th",
      reportNumber   = "FZJ-IKP-TH-2010-21, HISKP-TH-10-XX",
      SLACcitation   = "%%CITATION = ARXIV:1009.3781;%%"
}

@article{Doring:2009yv,
      author         = "Döring, M. and Hanhart, C. and Huang, F. and Krewald, S.
                        and Mei{\ss}ner, U. -G.",
      title          = "{Analytic properties of the scattering amplitude and
                        resonances parameters in a meson exchange model}",
      journal        = "Nucl. Phys.",
      volume         = "A829",
      year           = "2009",
      pages          = "170-209",
      doi            = "10.1016/j.nuclphysa.2009.08.010",
      eprint         = "0903.4337",
      archivePrefix  = "arXiv",
      primaryClass   = "nucl-th",
      reportNumber   = "FZJ-IKP-TH-2009-11, HISKP-TH-09-14",
      SLACcitation   = "%%CITATION = ARXIV:0903.4337;%%"
}

@article{Ceci:2011ae,
      author         = "Ceci, S. and Döring, M. and Hanhart, C. and Krewald, S.
                        and Mei{\ss}ner, U. -G. and \v Svarc, A.",
      title          = "{Relevance of complex branch points for partial wave
                        analysis}",
      journal        = "Phys. Rev.",
      volume         = "C84",
      year           = "2011",
      pages          = "015205",
      doi            = "10.1103/PhysRevC.84.015205",
      eprint         = "1104.3490",
      archivePrefix  = "arXiv",
      primaryClass   = "nucl-th",
      SLACcitation   = "%%CITATION = ARXIV:1104.3490;%%"
}


@article{Anisovich:2011fc,
      author         = "Anisovich, A. V. and Beck, R. and Klempt, E. and Nikonov,
                        V. A. and Sarantsev, A. V. and Thoma, U.",
      title          = "{Properties of baryon resonances from a multichannel
                        partial wave analysis}",
      journal        = "Eur. Phys. J.",
      volume         = "A48",
      year           = "2012",
      pages          = "15",
      doi            = "10.1140/epja/i2012-12015-8",
      eprint         = "1112.4937",
      archivePrefix  = "arXiv",
      primaryClass   = "hep-ph",
      SLACcitation   = "%%CITATION = ARXIV:1112.4937;%%"
}

@article{Collins:2017sgu,
      author         = "Collins, P. and others",
      title          = "{Photon beam asymmetry $\Sigma$ for $\eta$ and
                        $\eta^\prime$ photoproduction from the proton}",
      journal        = "Phys. Lett.",
      volume         = "B771",
      year           = "2017",
      pages          = "213-221",
      doi            = "10.1016/j.physletb.2017.05.045",
      eprint         = "1703.00433",
      archivePrefix  = "arXiv",
      primaryClass   = "nucl-ex",
      reportNumber   = "JLAB-PHY-17-2429",
      SLACcitation   = "%%CITATION = ARXIV:1703.00433;%%"
}

@article{Kamano:2013iva,
      author         = "Kamano, H. and Nakamura, S. X. and Lee, T. -S. H. and
                        Sato, T.",
      title          = "{Nucleon resonances within a dynamical coupled-channels
                        model of $\pi N$ and $\gamma N$ reactions}",
      journal        = "Phys. Rev.",
      volume         = "C88",
      year           = "2013",
      number         = "3",
      pages          = "035209",
      doi            = "10.1103/PhysRevC.88.035209",
      eprint         = "1305.4351",
      archivePrefix  = "arXiv",
      primaryClass   = "nucl-th",
      SLACcitation   = "%%CITATION = ARXIV:1305.4351;%%"
}

@article{Kamano:2011ih,
      author         = "Kamano, H. and Nakamura, S. X. and Lee, T. S. H. and
                        Sato, T.",
      title          = "{Unitary coupled-channels model for three-mesons decays
                        of heavy mesons}",
      journal        = "Phys. Rev.",
      volume         = "D84",
      year           = "2011",
      pages          = "114019",
      doi            = "10.1103/PhysRevD.84.114019",
      eprint         = "1106.4523",
      archivePrefix  = "arXiv",
      primaryClass   = "hep-ph",
      reportNumber   = "JLAB-THY-11-1385",
      SLACcitation   = "%%CITATION = ARXIV:1106.4523;%%"
}

@article{Kamano:2014zba,
      author         = "Kamano, H. and Nakamura, S. X. and Lee, T. -S. H. and
                        Sato, T.",
      title          = "{Dynamical coupled-channels model of K$^−$p reactions:
                        Determination of partial-wave amplitudes}",
      journal        = "Phys. Rev.",
      volume         = "C90",
      year           = "2014",
      number         = "6",
      pages          = "065204",
      doi            = "10.1103/PhysRevC.90.065204",
      eprint         = "1407.6839",
      archivePrefix  = "arXiv",
      primaryClass   = "nucl-th",
      SLACcitation   = "%%CITATION = ARXIV:1407.6839;%%"
}

@article{Kamano:2015hxa,
      author         = "Kamano, H. and Nakamura, S. X. and Lee, T. -S. H. and
                        Sato, T.",
      title          = "{Dynamical coupled-channels model of $K^- p$ reactions.
                        II. Extraction of $\Lambda^*$ and $\Sigma^*$ hyperon
                        resonances}",
      journal        = "Phys. Rev.",
      volume         = "C92",
      year           = "2015",
      number         = "2",
      pages          = "025205",
      doi            = "10.1103/PhysRevC.95.049903, 10.1103/PhysRevC.92.025205",
      note           = "[Erratum: Phys. Rev.C95,no.4,049903(2017)]",
      eprint         = "1506.01768",
      archivePrefix  = "arXiv",
      primaryClass   = "nucl-th",
      SLACcitation   = "%%CITATION = ARXIV:1506.01768;%%"
}

@book{hastie_hastie_tibshirani_friedman_2001, place={New York}, title={The elements of statistical learning: data mining, inference, and prediction}, publisher={Springer}, author={Hastie, Trevor and Hastie, Trevor and Tibshirani, Robert and Friedman, J. H.}, year={2001}}

@article{Fernandez-Ramirez:2015tfa,
      author         = "Fernandez-Ramirez, C. and Danilkin, I. V. and Manley, D.
                        M. and Mathieu, V. and Szczepaniak, A. P.",
      title          = "{Coupled-channel model for $\bar{K}N$ scattering in the
                        resonant region}",
      journal        = "Phys. Rev.",
      volume         = "D93",
      year           = "2016",
      number         = "3",
      pages          = "034029",
      doi            = "10.1103/PhysRevD.93.034029",
      eprint         = "1510.07065",
      archivePrefix  = "arXiv",
      primaryClass   = "hep-ph",
      reportNumber   = "JLAB-THY-15-2152",
      SLACcitation   = "%%CITATION = ARXIV:1510.07065;%%"
}

@article{Shrestha:2012ep,
      author         = "Shrestha, M. and Manley, D. M.",
      title          = "{Multichannel parametrization of $\pi N$ scattering
                        amplitudes and extraction of resonance parameters}",
      journal        = "Phys. Rev.",
      volume         = "C86",
      year           = "2012",
      pages          = "055203",
      doi            = "10.1103/PhysRevC.86.055203",
      eprint         = "1208.2710",
      archivePrefix  = "arXiv",
      primaryClass   = "hep-ph",
      SLACcitation   = "%%CITATION = ARXIV:1208.2710;%%"
}

@article{Workman:2016irf,
      author         = "Workman, R. L. and Tiator, L. and Wunderlich, Y. and
                        Döring, M. and Haberzettl, H.",
      title          = "{Amplitude reconstruction from complete photoproduction
                        experiments and truncated partial-wave expansions}",
      journal        = "Phys. Rev.",
      volume         = "C95",
      year           = "2017",
      number         = "1",
      pages          = "015206",
      doi            = "10.1103/PhysRevC.95.015206",
      eprint         = "1611.04434",
      archivePrefix  = "arXiv",
      primaryClass   = "nucl-th",
      SLACcitation   = "%%CITATION = ARXIV:1611.04434;%%"
}

@article{Tiator:2016btt,
      author         = "Tiator, L. and Döring, M. and Workman, R. L. and
                        Hadžimehmedović, M. and Osmanović, H. and Omerović, R.
                        and Stahov, J. and Švarc, A.",
      title          = "{Baryon transition form factors at the pole}",
      journal        = "Phys. Rev.",
      volume         = "C94",
      year           = "2016",
      number         = "6",
      pages          = "065204",
      doi            = "10.1103/PhysRevC.94.065204",
      eprint         = "1606.00371",
      archivePrefix  = "arXiv",
      primaryClass   = "nucl-th",
      reportNumber   = "JLAB-THY-16-2315",
      SLACcitation   = "%%CITATION = ARXIV:1606.00371;%%"
}

@article{Arndt:2006bf,
      author         = "Arndt, R. A. and Briscoe, W. J. and Strakovsky, I. I. and
                        Workman, R. L.",
      title          = "{Extended partial-wave analysis of piN scattering data}",
      journal        = "Phys. Rev.",
      volume         = "C74",
      year           = "2006",
      pages          = "045205",
      doi            = "10.1103/PhysRevC.74.045205",
      eprint         = "nucl-th/0605082",
      archivePrefix  = "arXiv",
      primaryClass   = "nucl-th",
      SLACcitation   = "%%CITATION = NUCL-TH/0605082;%%"
}


@article{Workman:2012hx,
      author         = "Workman, R. L. and Arndt, R. A. and Briscoe, W. J. and
                        Paris, M. W. and Strakovsky, I. I.",
      title          = "{Parameterization dependence of T matrix poles and
                        eigenphases from a fit to $\pi$N elastic scattering data}",
      journal        = "Phys. Rev.",
      volume         = "C86",
      year           = "2012",
      pages          = "035202",
      doi            = "10.1103/PhysRevC.86.035202",
      eprint         = "1204.2277",
      archivePrefix  = "arXiv",
      primaryClass   = "hep-ph",
      SLACcitation   = "%%CITATION = ARXIV:1204.2277;%%"
}

@article{Zhang:2013cua,
      author         = "Zhang, H. and Tulpan, J. and Shrestha, M. and Manley, D.
                        M.",
      title          = "{Partial-wave analysis of $\bar K N$ scattering
                        reactions}",
      journal        = "Phys. Rev.",
      volume         = "C88",
      year           = "2013",
      number         = "3",
      pages          = "035204",
      doi            = "10.1103/PhysRevC.88.035204",
      eprint         = "1305.3598",
      archivePrefix  = "arXiv",
      primaryClass   = "hep-ph",
      SLACcitation   = "%%CITATION = ARXIV:1305.3598;%%"
}

@article{Workman:2012jf,
      author         = "Workman, Ron L. and Paris, Mark W. and Briscoe, William
                        J. and Strakovsky, Igor I.",
      title          = "{Unified Chew-Mandelstam SAID analysis of pion
                        photoproduction data}",
      journal        = "Phys. Rev.",
      volume         = "C86",
      year           = "2012",
      pages          = "015202",
      doi            = "10.1103/PhysRevC.86.015202",
      eprint         = "1202.0845",
      archivePrefix  = "arXiv",
      primaryClass   = "hep-ph",
      SLACcitation   = "%%CITATION = ARXIV:1202.0845;%%"
}

@article{Kamalov:2000en,
      author         = "Kamalov, Sabit S. and Yang, Shin Nan and Drechsel, Dieter
                        and Hanstein, Olaf and Tiator, Lothar",
      title          = "{Gamma* N ---> Delta transition form-factors: A New
                        analysis of the JLab data on p (e, e-prime p) pi0 at
                        Q**2=(2.8-(GeV/c)**2 and 4.0-(GeV/c)**2)}",
      journal        = "Phys. Rev.",
      volume         = "C64",
      year           = "2001",
      pages          = "032201",
      doi            = "10.1103/PhysRevC.64.032201",
      eprint         = "nucl-th/0006068",
      archivePrefix  = "arXiv",
      primaryClass   = "nucl-th",
      reportNumber   = "MKPH-T-00-09",
      SLACcitation   = "%%CITATION = NUCL-TH/0006068;%%"
}

@article{Chiang:2002vq,
      author         = "Chiang, Wen-Tai and Yang, Shin Nan and Tiator, L. and
                        Vanderhaeghen, M. and Drechsel, D.",
      title          = "{A Reggeized model for eta and eta-prime
                        photoproduction}",
      journal        = "Phys. Rev.",
      volume         = "C68",
      year           = "2003",
      pages          = "045202",
      doi            = "10.1103/PhysRevC.68.045202",
      eprint         = "nucl-th/0212106",
      archivePrefix  = "arXiv",
      primaryClass   = "nucl-th",
      SLACcitation   = "%%CITATION = NUCL-TH/0212106;%%"
}

@article{Tiator:2010rp,
      author         = "Tiator, L. and Kamalov, S. S. and Ceci, S. and Chen, G.
                        Y. and Drechsel, D. and Svarc, A. and Yang, S. N.",
      title          = "{Singularity structure of the $\pi N$ scattering
                        amplitude in a meson-exchange model up to energies $W \leq
                        2.0-$GeV}",
      journal        = "Phys. Rev.",
      volume         = "C82",
      year           = "2010",
      pages          = "055203",
      doi            = "10.1103/PhysRevC.82.055203",
      eprint         = "1007.2126",
      archivePrefix  = "arXiv",
      primaryClass   = "nucl-th",
      SLACcitation   = "%%CITATION = ARXIV:1007.2126;%%"
}

@article{Drechsel:1998hk,
      author         = "Drechsel, D. and Hanstein, O. and Kamalov, S. S. and
                        Tiator, L.",
      title          = "{A Unitary isobar model for pion photoproduction and
                        electroproduction on the proton up to 1-GeV}",
      journal        = "Nucl. Phys.",
      volume         = "A645",
      year           = "1999",
      pages          = "145-174",
      doi            = "10.1016/S0375-9474(98)00572-7",
      eprint         = "nucl-th/9807001",
      archivePrefix  = "arXiv",
      primaryClass   = "nucl-th",
      reportNumber   = "MKPH-T-98-10",
      SLACcitation   = "%%CITATION = NUCL-TH/9807001;%%"
}

@article{Drechsel:2007if,
      author         = "Drechsel, D. and Kamalov, S. S. and Tiator, L.",
      title          = "{Unitary Isobar Model - MAID2007}",
      journal        = "Eur. Phys. J.",
      volume         = "A34",
      year           = "2007",
      pages          = "69-97",
      doi            = "10.1140/epja/i2007-10490-6",
      eprint         = "0710.0306",
      archivePrefix  = "arXiv",
      primaryClass   = "nucl-th",
      SLACcitation   = "%%CITATION = ARXIV:0710.0306;%%"
}

@article{Shklyar:2014kra,
      author         = "Shklyar, V. and Lenske, H. and Mosel, U.",
      title          = "{$2\pi$ production in the Giessen coupled-channel model}",
      journal        = "Phys. Rev.",
      volume         = "C93",
      year           = "2016",
      number         = "4",
      pages          = "045206",
      doi            = "10.1103/PhysRevC.93.045206",
      eprint         = "1409.7920",
      archivePrefix  = "arXiv",
      primaryClass   = "nucl-th",
      SLACcitation   = "%%CITATION = ARXIV:1409.7920;%%"
}

@article{Cao:2013psa,
      author         = "Cao, Xu and Shklyar, V. and Lenske, H.",
      title          = "{Coupled-channel analysis of KΣ production on the
                        nucleon up to 2.0 GeV}",
      journal        = "Phys. Rev.",
      volume         = "C88",
      year           = "2013",
      number         = "5",
      pages          = "055204",
      doi            = "10.1103/PhysRevC.88.055204",
      eprint         = "1303.2604",
      archivePrefix  = "arXiv",
      primaryClass   = "nucl-th",
      SLACcitation   = "%%CITATION = ARXIV:1303.2604;%%"
}

@article{Mart:2017mwj,
      author         = "Mart, T. and Sakinah, S.",
      title          = "{Multipoles model for $K^+ \Lambda$ photoproduction on
                        the nucleon reexamined}",
      journal        = "Phys. Rev.",
      volume         = "C95",
      year           = "2017",
      number         = "4",
      pages          = "045205",
      doi            = "10.1103/PhysRevC.95.045205",
      SLACcitation   = "%%CITATION = PHRVA,C95,045205;%%"
}

@article{Jackson:2015dva,
      author         = "Jackson, Benjamin C. and Oh, Yongseok and Haberzettl, H.
                        and Nakayama, K.",
      title          = "{$\bar{K} + N \to K + \Xi$ reaction and $S=-1$ hyperon
                        resonances}",
      journal        = "Phys. Rev.",
      volume         = "C91",
      year           = "2015",
      number         = "6",
      pages          = "065208",
      doi            = "10.1103/PhysRevC.91.065208",
      eprint         = "1503.00845",
      archivePrefix  = "arXiv",
      primaryClass   = "nucl-th",
      SLACcitation   = "%%CITATION = ARXIV:1503.00845;%%"
}

@article{Jackson:2013bba,
      author         = "Jackson, Benjamin and Oh, Yongseok and Haberzettl, Helmut
                        and Nakayama, Kanzo",
      title          = "{Model-independent aspects of the reaction $\bar{K} + N
                        \to K + \Xi$}",
      journal        = "Phys. Rev.",
      volume         = "C89",
      year           = "2014",
      number         = "2",
      pages          = "025206",
      doi            = "10.1103/PhysRevC.89.025206",
      eprint         = "1311.2836",
      archivePrefix  = "arXiv",
      primaryClass   = "hep-ph",
      SLACcitation   = "%%CITATION = ARXIV:1311.2836;%%"
}

@article{Wunderlich:2016imj,
      author         = "Wunderlich, Y. and Afzal, F. and Thiel, A. and Beck, R.",
      title          = "{Determining the dominant partial wave contributions from
                        angular distributions of single- and double-polarization
                        observables in pseudoscalar meson photoproduction}",
      journal        = "Eur. Phys. J.",
      volume         = "A53",
      year           = "2017",
      number         = "5",
      pages          = "86",
      doi            = "10.1140/epja/i2017-12255-0",
      eprint         = "1611.01031",
      archivePrefix  = "arXiv",
      primaryClass   = "physics.data-an",
      SLACcitation   = "%%CITATION = ARXIV:1611.01031;%%"
}

@article{Guegan:2015mea,
      author         = "Guegan, Baptiste and Hardin, John and Stevens, Justin and
                        Williams, Mike",
      title          = "{Model selection for amplitude analysis}",
      journal        = "JINST",
      volume         = "10",
      year           = "2015",
      number         = "09",
      pages          = "P09002",
      doi            = "10.1088/1748-0221/10/09/P09002",
      eprint         = "1505.05133",
      archivePrefix  = "arXiv",
      primaryClass   = "physics.data-an",
      SLACcitation   = "%%CITATION = ARXIV:1505.05133;%%"
}

@article{Williams:2017gwf,
      author         = "Williams, M.",
      title          = "{A novel approach to the bias-variance problem in bump
                        hunting}",
      journal        = "JINST",
      volume         = "12",
      year           = "2017",
      number         = "09",
      pages          = "P09034",
      doi            = "10.1088/1748-0221/12/09/P09034",
      eprint         = "1705.03578",
      archivePrefix  = "arXiv",
      primaryClass   = "hep-ex",
      SLACcitation   = "%%CITATION = ARXIV:1705.03578;%%"
}

@article{DeCruz:2012bv,
      author         = "De Cruz, Lesley and Ryckebusch, Jan and Vrancx, Tom and
                        Vancraeyveld, Pieter",
      title          = "{A Bayesian analysis of kaon photoproduction with the
                        Regge-plus-resonance model}",
      journal        = "Phys. Rev.",
      volume         = "C86",
      year           = "2012",
      pages          = "015212",
      doi            = "10.1103/PhysRevC.86.015212",
      eprint         = "1205.2195",
      archivePrefix  = "arXiv",
      primaryClass   = "nucl-th",
      SLACcitation   = "%%CITATION = ARXIV:1205.2195;%%"
}

@article{DAgostini:1993arp,
      author         = "D'Agostini, G.",
      title          = "{On the use of the covariance matrix to fit correlated
                        data}",
      journal        = "Nucl. Instrum. Meth.",
      volume         = "A346",
      year           = "1994",
      pages          = "306-311",
      doi            = "10.1016/0168-9002(94)90719-6",
      reportNumber   = "DESY-93-175",
      SLACcitation   = "%%CITATION = NUIMA,A346,306;%%"
}

@article{Ball:2009qv,
      author         = "Ball, Richard D. and Del Debbio, Luigi and Forte, Stefano
                        and Guffanti, Alberto and Latorre, Jose I. and Rojo, Juan
                        and Ubiali, Maria",
      title          = "{Fitting Parton Distribution Data with Multiplicative
                        Normalization Uncertainties}",
      collaboration  = "NNPDF",
      journal        = "JHEP",
      volume         = "05",
      year           = "2010",
      pages          = "075",
      doi            = "10.1007/JHEP05(2010)075",
      eprint         = "0912.2276",
      archivePrefix  = "arXiv",
      primaryClass   = "hep-ph",
      reportNumber   = "EDINBURGH-2009-22, IFUM-950-FT, FREIBURG-PHENO-09-09,
                        CP3-09-51",
      SLACcitation   = "%%CITATION = ARXIV:0912.2276;%%"
}

@article{DeCruz:2011xi,
      author         = "De Cruz, Lesley and Vrancx, Tom and Vancraeyveld, Pieter
                        and Ryckebusch, Jan",
      title          = "{Bayesian inference of the resonance content of
                        p(gamma,K^+)Lambda}",
      journal        = "Phys. Rev. Lett.",
      volume         = "108",
      year           = "2012",
      pages          = "182002",
      doi            = "10.1103/PhysRevLett.108.182002",
      eprint         = "1111.6511",
      archivePrefix  = "arXiv",
      primaryClass   = "nucl-th",
      SLACcitation   = "%%CITATION = ARXIV:1111.6511;%%"
}

@article{Nys:2016uel,
      author         = "Nys, J. and Ryckebusch, J. and Ireland, D. G. and
                        Glazier, D. I.",
      title          = "{Model discrimination in pseudoscalar-meson
                        photoproduction}",
      journal        = "Phys. Lett.",
      volume         = "B759",
      year           = "2016",
      pages          = "260-265",
      doi            = "10.1016/j.physletb.2016.05.069",
      eprint         = "1603.02001",
      archivePrefix  = "arXiv",
      primaryClass   = "hep-ph",
      SLACcitation   = "%%CITATION = ARXIV:1603.02001;%%"
}

@article{Dauber:1969hg,
      author         = "Dauber, P. M. and Berge, J. P. and Hubbard, J. R. and
                        Merrill, D. W. and Muller, R. A.",
      title          = "{Production and decay of cascade hyperons}",
      journal        = "Phys. Rev.",
      volume         = "179",
      year           = "1969",
      pages          = "1262-1285",
      doi            = "10.1103/PhysRev.179.1262",
      SLACcitation   = "%%CITATION = PHRVA,179,1262;%%"
}

@article{Carlson:1973td,
      author         = "Carlson, J. R. and Davis, H. F. and Jauch, D. E. and
                        Sossong, N. D. and Ellsworth, R.",
      title          = "{Measurement of neutral cascade production from
                        negative-kaon-hydrogen at 1.8 gev/c, k- p ---> k0 xi0}",
      journal        = "Phys. Rev.",
      volume         = "D7",
      year           = "1973",
      pages          = "2533-2537",
      doi            = "10.1103/PhysRevD.7.2533",
      SLACcitation   = "%%CITATION = PHRVA,D7,2533;%%"
}

@article{Briefel:1977bp,
      author         = "Briefel, E. and others",
      title          = "{Search for xi* Production in K- p Interactions at
                        2.87-GeV/c}",
      journal        = "Phys. Rev.",
      volume         = "D16",
      year           = "1977",
      pages          = "2706",
      doi            = "10.1103/PhysRevD.16.2706",
      reportNumber   = "TUFTS-77-1601",
      SLACcitation   = "%%CITATION = PHRVA,D16,2706;%%"
}

@article{Briceno:2017qmb,
      author         = "Briceno, Raul A. and Dudek, Jozef J. and Edwards, Robert
                        G. and Wilson, David J.",
      title          = "{Isoscalar $\pi\pi, K\overline{K}, \eta\eta$ scattering
                        and the $\sigma, f_0, f_2$ mesons from QCD}",
      journal        = "Phys. Rev.",
      volume         = "D97",
      year           = "2018",
      number         = "5",
      pages          = "054513",
      doi            = "10.1103/PhysRevD.97.054513",
      eprint         = "1708.06667",
      archivePrefix  = "arXiv",
      primaryClass   = "hep-lat",
      reportNumber   = "JLAB-THY-17-2534",
      SLACcitation   = "%%CITATION = ARXIV:1708.06667;%%"
}

@article{Wilson:2015dqa,
      author         = "Wilson, David J. and Briceno, Raul A. and Dudek, Jozef J.
                        and Edwards, Robert G. and Thomas, Christopher E.",
      title          = "{Coupled $\pi\pi, K\bar{K}$ scattering in $P$-wave and
                        the $\rho$ resonance from lattice QCD}",
      journal        = "Phys. Rev.",
      volume         = "D92",
      year           = "2015",
      number         = "9",
      pages          = "094502",
      doi            = "10.1103/PhysRevD.92.094502",
      eprint         = "1507.02599",
      archivePrefix  = "arXiv",
      primaryClass   = "hep-ph",
      reportNumber   = "DAMTP-2015-34, JLAB-THY-15-2101",
      SLACcitation   = "%%CITATION = ARXIV:1507.02599;%%"
}

@article{Wesolowski:2015fqa,
      author         = "Wesolowski, S. and Klco, N. and Furnstahl, R. J. and
                        Phillips, D. R. and Thapaliya, A.",
      title          = "{Bayesian parameter estimation for effective field
                        theories}",
      journal        = "J. Phys.",
      volume         = "G43",
      year           = "2016",
      number         = "7",
      pages          = "074001",
      doi            = "10.1088/0954-3899/43/7/074001",
      eprint         = "1511.03618",
      archivePrefix  = "arXiv",
      primaryClass   = "nucl-th",
      SLACcitation   = "%%CITATION = ARXIV:1511.03618;%%"
}

@article{Furnstahl:2015rha,
      author         = "Furnstahl, R. J. and Klco, N. and Phillips, D. R. and
                        Wesolowski, S.",
      title          = "{Quantifying truncation errors in effective field
                        theory}",
      journal        = "Phys. Rev.",
      volume         = "C92",
      year           = "2015",
      number         = "2",
      pages          = "024005",
      doi            = "10.1103/PhysRevC.92.024005",
      eprint         = "1506.01343",
      archivePrefix  = "arXiv",
      primaryClass   = "nucl-th",
      SLACcitation   = "%%CITATION = ARXIV:1506.01343;%%"
}

@article{Mai:2012dt,
      author         = "Mai, Maxim and Mei{\ss}er, Ulf-G.",
      title          = "{New insights into antikaon-nucleon scattering and the
                        structure of the Lambda(1405)}",
      journal        = "Nucl. Phys.",
      volume         = "A900",
      year           = "2013",
      pages          = "51 - 64",
      doi            = "10.1016/j.nuclphysa.2013.01.032",
      eprint         = "1202.2030",
      archivePrefix  = "arXiv",
      primaryClass   = "nucl-th",
      SLACcitation   = "%%CITATION = ARXIV:1202.2030;%%"
}

@article{Ruic:2011wf,
      author         = "Ruić, Dino and Mai, Maxim and Mei{\ss}ner, Ulf-G.",
      title          = "{$\eta$-Photoproduction in a gauge-invariant chiral
                        unitary framework}",
      journal        = "Phys. Lett.",
      volume         = "B704",
      year           = "2011",
      pages          = "659-662",
      doi            = "10.1016/j.physletb.2011.09.090",
      eprint         = "1108.4825",
      archivePrefix  = "arXiv",
      primaryClass   = "nucl-th",
      SLACcitation   = "%%CITATION = ARXIV:1108.4825;%%"
}

@article{Mai:2009ce,
      author         = "Mai, Maxim and Bruns, Peter C. and Kubis, Bastian and
                        Meissner, Ulf-G.",
      title          = "{Aspects of meson-baryon scattering in three and
                        two-flavor chiral perturbation theory}",
      journal        = "Phys. Rev.",
      volume         = "D80",
      year           = "2009",
      pages          = "094006",
      doi            = "10.1103/PhysRevD.80.094006",
      eprint         = "0905.2810",
      archivePrefix  = "arXiv",
      primaryClass   = "hep-ph",
      reportNumber   = "HISKP-TH-09-12, FZJ-IKP-TH-2009-10",
      SLACcitation   = "%%CITATION = ARXIV:0905.2810;%%"
}

@article{Guo:2007dw,
      author         = "Guo, L. and others",
      title          = "{Cascade production in the reactions gamma p ---> K+ K+
                        (X) and gamma p ---> K+ K+ pi- (X)}",
      journal        = "Phys. Rev.",
      volume         = "C76",
      year           = "2007",
      pages          = "025208",
      doi            = "10.1103/PhysRevC.76.025208",
      eprint         = "nucl-ex/0702027",
      archivePrefix  = "arXiv",
      primaryClass   = "nucl-ex",
      reportNumber   = "JLAB-PHY-07-621",
      SLACcitation   = "%%CITATION = NUCL-EX/0702027;%%"
}

@article{Zhang:2013sva,
      author         = "Zhang, H. and Tulpan, J. and Shrestha, M. and Manley, D.
                        M.",
      title          = "{Multichannel parametrization of $\bar K N$ scattering
                        amplitudes and extraction of resonance parameters}",
      journal        = "Phys. Rev.",
      volume         = "C88",
      year           = "2013",
      number         = "3",
      pages          = "035205",
      doi            = "10.1103/PhysRevC.88.035205",
      eprint         = "1305.4575",
      archivePrefix  = "arXiv",
      primaryClass   = "hep-ph",
      SLACcitation   = "%%CITATION = ARXIV:1305.4575;%%"
}

@article{Gross:2008ps,
      author         = "Gross, Franz and Stadler, Alfred",
      title          = "{Covariant spectator theory of np scattering: Phase
                        shifts obtained from precision fits to data below
                        350-MeV}",
      journal        = "Phys. Rev.",
      volume         = "C78",
      year           = "2008",
      pages          = "014005",
      doi            = "10.1103/PhysRevC.78.014005",
      eprint         = "0802.1552",
      archivePrefix  = "arXiv",
      primaryClass   = "nucl-th",
      reportNumber   = "JLAB-THY-08-777",
      SLACcitation   = "%%CITATION = ARXIV:0802.1552;%%"
}

@article{Machleidt:2000ge,
      author         = "Machleidt, R.",
      title          = "{The High precision, charge dependent Bonn
                        nucleon-nucleon potential (CD-Bonn)}",
      journal        = "Phys. Rev.",
      volume         = "C63",
      year           = "2001",
      pages          = "024001",
      doi            = "10.1103/PhysRevC.63.024001",
      eprint         = "nucl-th/0006014",
      archivePrefix  = "arXiv",
      primaryClass   = "nucl-th",
      SLACcitation   = "%%CITATION = NUCL-TH/0006014;%%"
}


@article{Wiringa:1994wb,
      author         = "Wiringa, Robert B. and Stoks, V. G. J. and Schiavilla,
                        R.",
      title          = "{An Accurate nucleon-nucleon potential with charge
                        independence breaking}",
      journal        = "Phys. Rev.",
      volume         = "C51",
      year           = "1995",
      pages          = "38-51",
      doi            = "10.1103/PhysRevC.51.38",
      eprint         = "nucl-th/9408016",
      archivePrefix  = "arXiv",
      primaryClass   = "nucl-th",
      reportNumber   = "PHY-7742-TH-94, CEBAF-TH-94-19",
      SLACcitation   = "%%CITATION = NUCL-TH/9408016;%%"
}

@article{Stoks:1994wp,
      author         = "Stoks, V. G. J. and Klomp, R. A. M. and Terheggen, C. P.
                        F. and de Swart, J. J.",
      title          = "{Construction of high quality N N potential models}",
      journal        = "Phys. Rev.",
      volume         = "C49",
      year           = "1994",
      pages          = "2950-2962",
      doi            = "10.1103/PhysRevC.49.2950",
      eprint         = "nucl-th/9406039",
      archivePrefix  = "arXiv",
      primaryClass   = "nucl-th",
      reportNumber   = "THEF-NYM-93-05",
      SLACcitation   = "%%CITATION = NUCL-TH/9406039;%%"
}

@article{Stoks:1993tb,
      author         = "Stoks, V. G. J. and Klomp, R. A. M. and Rentmeester, M.
                        C. M. and de Swart, J. J.",
      title          = "{Partial wave analaysis of all nucleon-nucleon scattering
                        data below 350-MeV}",
      journal        = "Phys. Rev.",
      volume         = "C48",
      year           = "1993",
      pages          = "792-815",
      doi            = "10.1103/PhysRevC.48.792",
      SLACcitation   = "%%CITATION = PHRVA,C48,792;%%"
}

@article{Burgun:1969ee,
      author         = "Burgun, G. and others",
      title          = "{Resonance formation in the reactions k-minus + p --->
                        k-plus + xi-minus and k-minus + p ---> k-neutral +
                        xi-neutral in the mass region from 1915 to 2168 mev}",
      journal        = "Nucl. Phys.",
      volume         = "B8",
      year           = "1968",
      pages          = "447-459",
      doi            = "10.1016/0550-3213(68)90256-3",
      SLACcitation   = "%%CITATION = NUPHA,B8,447;%%"
}

@article{Scheuer:1971zw,
      author         = "Scheuer, J. C. and others",
      title          = "{Experimental study of two-body and quasi-two-body
                        reactions in K- n interactions at 3-GeV/c}",
      collaboration  = "SABRE",
      journal        = "Nucl. Phys.",
      volume         = "B33",
      year           = "1971",
      pages          = "61-83",
      doi            = "10.1016/0550-3213(71)90387-7",
      SLACcitation   = "%%CITATION = NUPHA,B33,61;%%"
}

@article{Griselin:1975pa,
      author         = "Griselin, J. and others",
      title          = "{K- p Cross-Sections Between 1.1-GeV/c and 1.4-GeV/c}",
      journal        = "Nucl. Phys.",
      volume         = "B93",
      year           = "1975",
      pages          = "189-216",
      doi            = "10.1016/0550-3213(75)90569-6",
      reportNumber   = "SACLAY-DPhPE 75-03",
      SLACcitation   = "%%CITATION = NUPHA,B93,189;%%"
}

@article{Dumbrajs:1983jd,
      author         = "Dumbrajs, O. and Koch, R. and Pilkuhn, H. and Oades, G.
                        c. and Behrens, H. and De Swart, J. j. and Kroll, P.",
      title          = "{Compilation of Coupling Constants and Low-Energy
                        Parameters. 1982 Edition}",
      journal        = "Nucl. Phys.",
      volume         = "B216",
      year           = "1983",
      pages          = "277-335",
      doi            = "10.1016/0550-3213(83)90288-2",
      SLACcitation   = "%%CITATION = NUPHA,B216,277;%%"
}

@article{DeBellefon:1972gm,
      author         = "De Bellefon, A. and others",
      title          = "{Channel cross-sections of k- p reactions from 1.26 to
                        1.84 gev/c}",
      journal        = "Nuovo Cim.",
      volume         = "A7",
      year           = "1972",
      pages          = "567-583",
      doi            = "10.1007/BF02734213",
      SLACcitation   = "%%CITATION = NUCIA,A7,567;%%"
}

@article{Rader:1973ja,
      author         = "Rader, R. and others",
      title          = "{The reaction k- p ---> lambda eta from 0.80 to 1.84
                        gev/c}",
      journal        = "Nuovo Cim.",
      volume         = "A16",
      year           = "1973",
      pages          = "178-186",
      doi            = "10.1007/BF02785525",
      SLACcitation   = "%%CITATION = NUCIA,A16,178;%%"
}

@article{Pjerrou:1962pc,
      author         = "Pjerrou, G. M. and Prowse, D. J. and Schlein, P. and
                        Slater, W. E. and Stork, D. H. and Ticho, H. K.",
      title          = "{Resonance in the ($\Xi \pi$) System at 1.53-{GeV}}",
      journal        = "Phys. Rev. Lett.",
      volume         = "9",
      year           = "1962",
      pages          = "114-117",
      doi            = "10.1103/PhysRevLett.9.114",
      SLACcitation   = "%%CITATION = PRLTA,9,114;%%"
}

@article{Carmony:1964zza,
      author         = "Carmony, D. D. and Pjerrou, G. M. and Schlein, P. E. and
                        Slater, W. E. and Stork, D. H.",
      title          = "{Properties of Xi Hyperons}",
      journal        = "Phys. Rev. Lett.",
      volume         = "12",
      year           = "1964",
      pages          = "482",
      doi            = "10.1103/PhysRevLett.12.482",
      SLACcitation   = "%%CITATION = PRLTA,12,482;%%"
}

@article{Berge:1966zz,
      author         = "Berge, J. Peter and Eberhard, Philippe and Hubbard, J.
                        Richard and Merrill, Deane W. and Button-Shafer, J. and
                        Solmitz, Frank T. and Stevenson, M. Lynn",
      title          = "{Some Properties of Xi- and Xi-0 Hyperons Produced in K-p
                        Interactions between 1.05 and 1.7 BeV/c}",
      journal        = "Phys. Rev.",
      volume         = "147",
      year           = "1966",
      pages          = "945-961",
      doi            = "10.1103/PhysRev.147.945",
      SLACcitation   = "%%CITATION = PHRVA,147,945;%%"
}

@article{Haque:1966mda,
      author         = "Haque, M. and others",
      title          = "{Reactions $K^- p \to$ Hyperon + Meson at 3.5 GeV/c}",
      collaboration  = "Birmingham-Glasgow-London(I.C.)-Oxford-Rutherford",
      journal        = "Phys. Rev.",
      volume         = "152",
      year           = "1966",
      pages          = "1148-1161",
      doi            = "10.1103/PhysRev.152.1148",
      SLACcitation   = "%%CITATION = PHRVA,152,1148;%%"
}

@article{London:1966zz,
      author         = "London, G. W. and Rau, R. R. and Samios, N. P. and
                        Yamamoto, S. S. and Goldberg, M. and Lichtman, S. and
                        Prime, M. and Leitner, J.",
      title          = "{K--p Interaction at 2. Be-24Vc}",
      journal        = "Phys. Rev.",
      volume         = "143",
      year           = "1966",
      pages          = "1034-1091",
      doi            = "10.1103/PhysRev.143.1034",
      SLACcitation   = "%%CITATION = PHRVA,143,1034;%%"
}



@article{Trippe:1967wat,
      author         = "Trippe, Thomas G. and Schlein, Peter E.",
      title          = "{Partial-Wave Analysis of $K^−p → Ξ^−K^+$ at
                        2 GeVc}",
      journal        = "Phys. Rev.",
      volume         = "158",
      year           = "1967",
      number         = "5",
      pages          = "1334-1337",
      doi            = "10.1103/PhysRev.158.1334",
      SLACcitation   = "%%CITATION = PHRVA,158,1334;%%"
}

@article{Trower:1968zz,
      author         = "Trower, W. P. and Ficenec, J. R. and Hulsizer, R. I. and
                        Lathrop, J. and Snyder, J. N. and Swanson, W. P.",
      title          = "{Some Two-Body Final States of K-p Interactions at 1.33
                        GeVc}",
      journal        = "Phys. Rev.",
      volume         = "170",
      year           = "1968",
      pages          = "1207-1222",
      doi            = "10.1103/PhysRev.170.1207",
      SLACcitation   = "%%CITATION = PHRVA,170,1207;%%"
}

@article{Merrill:1968zz,
      author         = "Merrill, Deane W. and Button-Shafer, Janice",
      title          = "{Properties of the Xi- and the Xi* (1817) from K-p
                        Interactions above 1.7 BeV/c}",
      journal        = "Phys. Rev.",
      volume         = "167",
      year           = "1968",
      pages          = "1202-1224",
      doi            = "10.1103/PhysRev.167.1202",
      SLACcitation   = "%%CITATION = PHRVA,167,1202;%%"
}

@article{Perez:2013jpa,
      author         = "Navarro Pérez, R. and Amaro, J. E. and Ruiz Arriola, E.",
      title          = "{Coarse-grained potential analysis of neutron-proton and
                        proton-proton scattering below the pion production
                        threshold}",
      journal        = "Phys. Rev.",
      volume         = "C88",
      year           = "2013",
      number         = "6",
      pages          = "064002",
      doi            = "10.1103/PhysRevC.88.064002, 10.1103/PhysRevC.91.029901",
      note           = "[Erratum: Phys. Rev.C91,no.2,029901(2015)]",
      eprint         = "1310.2536",
      archivePrefix  = "arXiv",
      primaryClass   = "nucl-th",
      SLACcitation   = "%%CITATION = ARXIV:1310.2536;%%"
}

@article{Perez:2014yla,
      author         = "Navarro Perez, R. and Amaro, J. E. and Ruiz Arriola, E.",
      title          = "{Statistical error analysis for phenomenological
                        nucleon-nucleon potentials}",
      journal        = "Phys. Rev.",
      volume         = "C89",
      year           = "2014",
      number         = "6",
      pages          = "064006",
      doi            = "10.1103/PhysRevC.89.064006",
      eprint         = "1404.0314",
      archivePrefix  = "arXiv",
      primaryClass   = "nucl-th",
      SLACcitation   = "%%CITATION = ARXIV:1404.0314;%%"
}

@article{Man:2011np,
      author         = "Man, J. Ka Shing and Oh, Yongseok and Nakayama, K.",
      title          = "{Role of high-spin hyperon resonances in the reaction of
                        $\gamma p \to K^+ K^+ \Xi^-$}",
      journal        = "Phys. Rev.",
      volume         = "C83",
      year           = "2011",
      pages          = "055201",
      doi            = "10.1103/PhysRevC.83.055201",
      eprint         = "1103.1699",
      archivePrefix  = "arXiv",
      primaryClass   = "nucl-th",
      reportNumber   = "JLAB-THY-11-1334",
      SLACcitation   = "%%CITATION = ARXIV:1103.1699;%%"
}
@article{Sharov:2011xq,
      author         = "Sharov, D. A. and Korotkikh, V. L. and Lanskoy, D. E.",
      title          = "{Phenomenological model for the Kbar N --> K Xi
                        reaction}",
      journal        = "Eur. Phys. J.",
      volume         = "A47",
      year           = "2011",
      pages          = "109",
      doi            = "10.1140/epja/i2011-11109-1",
      eprint         = "1105.0764",
      archivePrefix  = "arXiv",
      primaryClass   = "nucl-th",
      SLACcitation   = "%%CITATION = ARXIV:1105.0764;%%"
}

@article{TS96,
 ISSN = {00359246},
 URL = {http://www.jstor.org/stable/2346178},
 abstract = {We propose a new method for estimation in linear models. The `lasso' minimizes the residual sum of squares subject to the sum of the absolute value of the coefficients being less than a constant. Because of the nature of this constraint it tends to produce some coefficients that are exactly 0 and hence gives interpretable models. Our simulation studies suggest that the lasso enjoys some of the favourable properties of both subset selection and ridge regression. It produces interpretable models like subset selection and exhibits the stability of ridge regression. There is also an interesting relationship with recent work in adaptive function estimation by Donoho and Johnstone. The lasso idea is quite general and can be applied in a variety of statistical models: extensions to generalized regression models and tree-based models are briefly described.},
 author = {Robert Tibshirani},
 journal = {Journal of the Royal Statistical Society. Series B (Methodological)},
 number = {1},
 pages = {267--288},
 publisher = {[Royal Statistical Society, Wiley]},
 title = {Regression Shrinkage and Selection via the Lasso},
 volume = {58},
 year = {1996}
}

@ARTICLE{S78,
   author = {{Schwarz}, G.},
    title = "{Estimating the Dimension of a Model}",
  journal = {Annals of Statistics},
     year = 1978,
    month = jul,
   volume = 6,
    pages = {461-464},
   adsurl = {http://adsabs.harvard.edu/abs/1978AnSta...6..461S},
  adsnote = {Provided by the SAO/NASA Astrophysics Data System}
}

@article{PDG16,
      author         = "Patrignani, C. and others",
      title          = "{Review of Particle Physics}",
      collaboration  = "Particle Data Group",
      journal        = "Chin. Phys.",
      volume         = "C40",
      year           = "2016",
      number         = "10",
      pages          = "100001",
      doi            = "10.1088/1674-1137/40/10/100001",
      SLACcitation   = "%%CITATION = CHPHD,C40,100001;%%"
}

@article{FMMR83b,
      author         = "Flaminio, V. and Moorhead, W. G. and Morrison, Douglas R.
                        O. and Rivoire, N.",
      title          = "{COMPILATION OF CROSS-SECTIONS. 2. K+ AND K- INDUCED
                        REACTIONS}",
      year           = "1983",
      reportNumber   = "CERN-HERA-83-02",
      SLACcitation   = "%%CITATION = CERN-HERA-83-02;%%"
}

@article{MON11,
      author         = "Man, J. Ka Shing and Oh, Yongseok and Nakayama, K.",
      title          = "{Role of high-spin hyperon resonances in the reaction of
                        $\gamma p \to K^+ K^+ \Xi^-$}",
      journal        = "Phys. Rev.",
      volume         = "C83",
      year           = "2011",
      pages          = "055201",
      doi            = "10.1103/PhysRevC.83.055201",
      eprint         = "1103.1699",
      archivePrefix  = "arXiv",
      primaryClass   = "nucl-th",
      reportNumber   = "JLAB-THY-11-1334",
      SLACcitation   = "%%CITATION = ARXIV:1103.1699;%%"
}


@article{PhysRevC.83.055201,
  title = {Role of high-spin hyperon resonances in the reaction of $\ensuremath{\gamma}p\ensuremath{\rightarrow}{K}^{+}{K}^{+}{\ensuremath{\Xi}}^{\ensuremath{-}}$},
  author = {Man, J. Ka Shing and Oh, Yongseok and Nakayama, K.},
  journal = {Phys. Rev. C},
  volume = {83},
  issue = {5},
  pages = {055201},
  numpages = {7},
  year = {2011},
  month = {May},
  publisher = {American Physical Society},
  doi = {10.1103/PhysRevC.83.055201},
  url = {https://link.aps.org/doi/10.1103/PhysRevC.83.055201}
}



@article{SKL11,
author = {Sharov, Dmitry and Korotkikh, Vladimir and Lanskoy, D},
year = {2011},
month = {09},
pages = {},
title = {Phenomenological model for the \overline{{K}}N \rightarrow K \Xi reaction},
volume = {47},
booktitle = {The European Physical Journal A}
}

@article{BF57,
      author         = "R. E. Behrends and C. Fronsdal",
      journal        = "Phys. Rev.",
      volume         = "106",
      year           = "1957",
      pages          = "345",
}

@article{R66,
      author         = "J. G. Rushbrooke",
      journal        = "Phys. Rev.",
      volume         = "143",
      year           = "1966",
      pages          = "1345",
}

@article{CHANG67,
      author         = "S.-J. Chang",
      title          = "{Lagrange formulation for systems with higher spin}",
      journal        = "Phys. Rev.",
      volume         = "161",
      year           = "1967",
      pages          = "1308",
}

@article{NOH11,
      author         = "Nakayama, K. and Oh, Yongseok and Haberzettl, H.",
      title          = "{Combined analysis of eta meson hadro- and
                        photo-production off nucleons}",
      journal        = "J. Korean Phys. Soc.",
      volume         = "59",
      year           = "2011",
      pages          = "224-246",
      doi            = "10.3938/jkps.59.224",
      eprint         = "0803.3169",
      archivePrefix  = "arXiv",
      primaryClass   = "hep-ph",
      SLACcitation   = "%%CITATION = ARXIV:0803.3169;%%"
}



@article{Wang:2017tpe,
      author         = "Wang, A. C. and Wang, W. L. and Huang, F. and Haberzettl,
                        H. and Nakayama, K.",
      title          = "{Nucleon resonances in $\gamma p \to K^{*+} \Lambda$}",
      journal        = "Phys. Rev.",
      volume         = "C96",
      year           = "2017",
      pages          = "035206",
      doi            = "10.1103/PhysRevC.96.035206",
      eprint         = "1704.04562",
      archivePrefix  = "arXiv",
      primaryClass   = "hep-ph",
      SLACcitation   = "%%CITATION = ARXIV:1704.04562;%%"
}
